@article{Hyvarinen01,
  title={Independent Component Analysis},
  author={Hyv{\"a}rinen, Aapo and Karhunen, Juha and Oja, Erkki},
  year={2001},
  publisher={Wiley-Interscience}
}

@article{Radovanovic10,
  title={Hubs in space: Popular nearest neighbors in high-dimensional data},
  author={Radovanovi{\'c}, Milo{\v{s}} and Nanopoulos, Alexandros and Ivanovi{\'c}, Mirjana},
  journal={Journal of Machine Learning Research},
  volume={11},
  number={Sep},
  pages={2487--2531},
  year={2010}
}

@incollection{Jolliffe86,
  title={Principal Component Analysis and Factor Analysis},
  author={Jolliffe, Ian T},
  booktitle={Principal component analysis},
  pages={115--128},
  year={1986},
  publisher={Springer}
}

@inproceedings{Hinton03,
  title={Stochastic neighbor embedding},
  author={Hinton, Geoffrey E and Roweis, Sam T},
  booktitle={Advances in neural information processing systems},
  pages={857--864},
  year={2003}
}

@article{berry2016variable,
  title={Variable bandwidth diffusion kernels},
  author={Berry, Tyrus and Harlim, John},
  journal={Applied and Computational Harmonic Analysis},
  volume={40},
  number={1},
  pages={68--96},
  year={2016},
  publisher={Elsevier}
}